@article{harte2008,
  author =	 {Harte, J and Zillio, T and Conlisk, E and Smith, AB},
  title =	 {{Maximum entropy and the state-variable approach to
                  macroecology}},
  journal =	 {Ecology},
  year =	 2008,
  volume =	 89,
  number =	 10,
  pages =	 {2700--2711}
}

@article{harte2009,
  author =	 {Harte, John and Smith, Adam B and Storch, David},
  title =	 {{Biodiversity scales from plots to biomes with a
                  universal species-area curve}},
  journal =	 {Ecology Letters},
  year =	 2009,
  volume =	 12,
  number =	 8,
  pages =	 {789--797},
  month =	 aug
}

@book{harte2011,
  author =	 {Harte, John},
  title =	 {{Maximum entropy and ecology: a theory of abundance,
                  distribution, and energetics}},
  publisher =	 {Oxford University Press},
  year =	 2011,
  address =	 {Oxford, UK}
}


@article{RCore,
  author =	 {R Development Core, Team},
  title =	 {{R: A language and environment for statistical
                  computing.}},
  journal =	 {Vienna, Austria},
  year =	 2013
}


@article{white2012,
  author =	 {White, Ethan P and Thibault, Katherine M and Xiao,
                  Xiao},
  title =	 {{Characterizing species abundance distributions
                  across taxa and ecosystems using a simple maximum
                  entropy model}},
  journal =	 {Ecology},
  year =	 2012,
  volume =	 93,
  number =	 8,
  pages =	 {1772--1778}
}

@article{ugland1982,
  title={Lognormal distributions and the concept of community equilibrium},
  author={Ugland, Karl I and Gray, John S},
  journal={Oikos},
  pages={171--178},
  year={1982},
  publisher={JSTOR}
}

@article{hughes1986,
  title={Theories and models of species abundance},
  author={Hughes, RG},
  journal={American Naturalist},
  pages={879--899},
  year={1986},
  publisher={JSTOR}
}

@article{connolly2005,
  title={Community structure of corals and reef fishes at multiple scales},
  author={Connolly, Sean R and Hughes, Terry P and Bellwood, David R and Karlson, Ronald H},
  journal={Science},
  volume={309},
  number={5739},
  pages={1363--1365},
  year={2005},
  publisher={American Association for the Advancement of Science}
}

@article{williamson2005,
  title={The lognormal distribution is not an appropriate null hypothesis for the species--abundance distribution},
  author={Williamson, Mark and J GASTON, KEVIN},
  journal={Journal of Animal Ecology},
  volume={74},
  number={3},
  pages={409--422},
  year={2005},
  publisher={Wiley Online Library}
}

@article{nee1991,
  title={Lifting the veil on abundance patterns},
  author={Nee, Sean and Harvey, Paul H and May, Robert M},
  journal={Proceedings: Biological Sciences},
  pages={161--163},
  year={1991},
  publisher={JSTOR}
}

@article{slocomb1977,
  title={On fitting the truncated lognormal distribution to species-abundance data using maximum likelihood estimation},
  author={Slocomb, John and Stauffer, Barbara and Dickson, Kenneth L},
  journal={Ecology},
  pages={693--696},
  year={1977},
  publisher={JSTOR}
}

@article{magurran2007,
  title={Species abundance distributions over time},
  author={Magurran, Anne E},
  journal={Ecology Letters},
  volume={10},
  number={5},
  pages={347--354},
  year={2007},
  publisher={Wiley Online Library}
}

@article{gray2006,
  title={On plotting species abundance distributions},
  author={Gray, John S and Bj{\o}rges{\ae}ter, Anders and Ugland, Karl I},
  journal={Journal of Animal Ecology},
  volume={75},
  number={3},
  pages={752--756},
  year={2006},
  publisher={Wiley Online Library}
}

@article{mcgill2003,
  title={Does Mother Nature really prefer rare species or are log-left-skewed SADs a sampling artefact?},
  author={McGill, Brian J},
  journal={Ecology Letters},
  volume={6},
  number={8},
  pages={766--773},
  year={2003},
  publisher={Wiley Online Library}
}

@article{volkov2007,
  title={Patterns of relative species abundance in rainforests and coral reefs},
  author={Volkov, Igor and Banavar, Jayanth R and Hubbell, Stephen P and Maritan, Amos},
  journal={Nature},
  volume={450},
  number={7166},
  pages={45--49},
  year={2007},
  publisher={Nature Publishing Group}
}

@article{dewdney2000,
  title={A dynamical model of communities and a new species-abundance distribution},
  author={Dewdney, AK},
  journal={The Biological Bulletin},
  volume={198},
  number={1},
  pages={152--165},
  year={2000},
  publisher={MBL}
}

@article{lobo1999,
  title={Different ways of constructing octaves and their consequences on the prevalence of the bimodal species abundance distribution},
  author={Lobo, Jorge M and Favila, Mario E},
  journal={Oikos},
  pages={321--326},
  year={1999},
  publisher={JSTOR}
}

@article{golicher2006,
  title={Lifting a veil on diversity: a Bayesian approach to fitting relative-abundance models},
  author={Golicher, Duncan J and O'Hara, Robert B and Ru{\'\i}z-Montoya, Lorena and Cayuela, Luis},
  journal={Ecological Applications},
  volume={16},
  number={1},
  pages={202--212},
  year={2006},
  publisher={Eco Soc America}
}

@article{mcgill2007,
  title={Species abundance distributions: moving beyond single prediction theories to integration within an ecological framework},
  author={McGill, Brian J and Etienne, Rampal S and Gray, John S and Alonso, David and Anderson, Marti J and Benecha, Habtamu Kassa and Dornelas, Maria and Enquist, Brian J and Green, Jessica L and He, Fangliang and others},
  journal={Ecology letters},
  volume={10},
  number={10},
  pages={995--1015},
  year={2007},
  publisher={Wiley Online Library}
}

@book{hubbell2001,
  title={The unified neutral theory of biodiversity and biogeography (MPB-32)},
  author={Hubbell, Stephen P},
  volume={32},
  year={2001},
  publisher={Princeton University Press}
}

@article{ulrich2010,
  title={A meta-analysis of species--abundance distributions},
  author={Ulrich, Werner and Ollik, Marcin and Ugland, Karl Inne},
  journal={Oikos},
  volume={119},
  number={7},
  pages={1149--1155},
  year={2010},
  publisher={Wiley Online Library}
}

@article{nekola2008,
  title={Artifactions in the log-transformation of species abundance distributions},
  author={Nekola, Jeffrey C and {\v{S}}izling, Arno{\v{s}}t L and Boyer, Alison G and Storch, David},
  journal={Folia Geobotanica},
  volume={43},
  number={3},
  pages={259--268},
  year={2008},
  publisher={Springer}
}

@article{locey2013,
  title={How species richness and total abundance constrain the distribution of abundance},
  author={Locey, Kenneth J and White, Ethan P},
  journal={Ecology letters},
  volume={16},
  number={9},
  pages={1177--1185},
  year={2013},
  publisher={Wiley Online Library}
}

@article{straatsma2012,
  title={Rarity in large data sets: Singletons, modal values and the location of the species abundance distribution},
  author={Straatsma, Gerben and Egli, Simon},
  journal={Basic and Applied Ecology},
  volume={13},
  number={4},
  pages={380--389},
  year={2012},
  publisher={Elsevier}
}

@article{dewdney1998,
  title={A general theory of the sampling process with applications to the “veil line”},
  author={Dewdney, AK},
  journal={Theoretical Population Biology},
  volume={54},
  number={3},
  pages={294--302},
  year={1998},
  publisher={Elsevier}
}

@article{dewdney2000,
  title={A dynamical model of communities and a new species-abundance distribution},
  author={Dewdney, AK},
  journal={The Biological Bulletin},
  volume={198},
  number={1},
  pages={152--165},
  year={2000},
  publisher={MBL}
}

@article{chisholm2007,
  title={Sampling species abundance distributions: resolving the veil-line debate},
  author={Chisholm, Ryan A},
  journal={Journal of theoretical biology},
  volume={247},
  number={4},
  pages={600--607},
  year={2007},
  publisher={Elsevier}
}

@article{engen2007,
  title={Heterogeneous communities with lognormal species abundance distribution: species--area curves and sustainability},
  author={Engen, Steinar},
  journal={Journal of theoretical biology},
  volume={249},
  number={4},
  pages={791--803},
  year={2007},
  publisher={Elsevier}
}

@article{dewdney2003,
  title={The stochastic community and the logistic-J distribution},
  author={Dewdney, AK},
  journal={Acta Oecologica},
  volume={24},
  number={5},
  pages={221--229},
  year={2003},
  publisher={Elsevier}
}

@article{ugland2007,
  title={Modelling dimensionality in species abundance distributions: description and evaluation of the Gambin model},
  author={Ugland, Karl I and Lambshead, P John D and McGill, Brian and Gray, John S and O’Dea, Niall and Ladle, Richard J and Whittaker, Robert J},
  journal={Evolutionary Ecology Research},
  volume={9},
  number={2},
  pages={313--324},
  year={2007},
  publisher={Evolutionary Ecology, Ltd.}
}

@article{matthews2014,
  title={The gambin model provides a superior fit to species abundance distributions with a single free parameter: evidence, implementation and interpretation},
  author={Matthews, Thomas J and Borregaard, Michael K and Ugland, Karl I and Borges, Paulo AV and Rigal, Fran{\c{c}}ois and Cardoso, Pedro and Whittaker, Robert J},
  journal={Ecography},
  volume={37},
  number={10},
  pages={1002--1011},
  year={2014},
  publisher={Wiley Online Library}
}

@article{matthews2014,
  title={Fitting and comparing competing models of the species abundance distribution: assessment and prospect},
  author={Matthews, Thomas J and Whittaker, Robert J},
  journal={Frontiers of Biogeography},
  volume={6},
  number={2},
  year={2014}
}

@article{matthews2014,
  title={Neutral theory and the species abundance distribution: recent developments and prospects for unifying niche and neutral perspectives},
  author={Matthews, Thomas J and Whittaker, Robert J},
  journal={Ecology and evolution},
  volume={4},
  number={11},
  pages={2263--2277},
  year={2014}
}
