@article{rominger2016GEB,
  title =	 {Community assembly on isolated islands: macroecology
                  meets evolution},
  author =	 {A. J. Rominger and K. R. Goodman and J. Y. Lim and
                  E. E. Armstrong and L. E. Becking and G. M Bennett
                  and M. S. Brewer and D. D. Cotoras and C. P. Ewing
                  and J. Harte and N. D. Martinez and P. M. O'Grady
                  and D. M. Percy and D. K. Price and G. K. Roderick
                  and K. L. Shaw and F. S. Valdovinos and D. S. Gruner
                  and R. G. Gillespie},
  journal =	 {Global Ecology and Biogeography},
  volume =	 25,
  number =	 7,
  pages =	 {769--780},
  year =	 2016,
  publisher =	 {Wiley Online Library}
}

@article{rominger2017meter,
  title =	 {meteR: an r package for testing the maximum entropy
                  theory of ecology},
  author =	 {Rominger, Andrew J and Merow, Cory},
  journal =	 {Methods in Ecology and Evolution},
  volume =	 8,
  number =	 2,
  pages =	 {241--247},
  year =	 2017,
  publisher =	 {Wiley Online Library}
}
